@article{papakonstantinou2023states,
  title={States as Information Platforms: a Political Theory of Information},
  author={Papakonstantinou, Vagelis},
  year={2023},
  publisher={The CDSL Working Paper Series WP6/2023}
}

@article{crawford2014special,
  title={Special section introduction},
  author={Crawford, Kate and Miltner, K and Gray, ML},
  journal={International Journal of Communication},
  volume={8},
  pages={1663--1672},
  year={2014}
}

@inproceedings{mcilroy2022mimetic,
  title={Mimetic models: Ethical implications of ai that acts like you},
  author={McIlroy-Young, Reid and Kleinberg, Jon and Sen, Siddhartha and Barocas, Solon and Anderson, Ashton},
  booktitle={Proceedings of the 2022 AAAI/ACM Conference on AI, Ethics, and Society},
  pages={479--490},
  year={2022}
}

@article{clarke2010uberveillance,
  title={What is {\"u}berveillance?(And what should be done about it?)},
  author={Clarke, Roger},
  journal={IEEE Technology and Society Magazine},
  volume={29},
  number={2},
  pages={17--25},
  year={2010},
  publisher={IEEE}
}

@article{hu2020cambridge,
  title={Cambridge Analytica’s black box},
  author={Hu, Margaret},
  journal={Big Data \& Society},
  volume={7},
  number={2},
  pages={2053951720938091},
  year={2020},
  publisher={SAGE Publications Sage UK: London, England}
}

@article{brey2005freedom,
  title={Freedom and privacy in ambient intelligence},
  author={Brey, Philip},
  journal={Ethics and Information Technology},
  volume={7},
  pages={157--166},
  year={2005},
  publisher={Springer}
}

@article{tsamados2021ethics,
  title={The ethics of algorithms: key problems and solutions},
  author={Tsamados, Andreas and Aggarwal, Nikita and Cowls, Josh and Morley, Jessica and Roberts, Huw and Taddeo, Mariarosaria and Floridi, Luciano},
  journal={Ethics, governance, and policies in artificial intelligence},
  pages={97--123},
  year={2021},
  publisher={Springer}
}

@article{huszar2022algorithmic,
  title={Algorithmic amplification of politics on Twitter},
  author={Husz{\'a}r, Ferenc and Ktena, Sofia Ira and O’Brien, Conor and Belli, Luca and Schlaikjer, Andrew and Hardt, Moritz},
  journal={Proceedings of the National Academy of Sciences},
  volume={119},
  number={1},
  pages={e2025334119},
  year={2022},
  publisher={National Acad Sciences}
}

@article{zwitter2014big,
  title={Big data ethics},
  author={Zwitter, Andrej},
  journal={Big data \& society},
  volume={1},
  number={2},
  pages={2053951714559253},
  year={2014},
  publisher={SAGE Publications Sage UK: London, England}
}
